@conference{confbib1,
  author     = {S.S. Khayrulin},
  title      = {Algorithms of distributed computation on heterogeneous systems with many devices for PCI SPH methods.},
  booktitle  = {Proc. Marchuk Scientific Readings},
  year       = {2020},
  pages      = {183--184},
  language   = {english},
  authorconf = {true}
}

@article{bib2,
  author       = {Khyrulin, S. S.},
  title        = {Distributed calculations on multiple independent devices for PCI SPH method.},
  journal      = {Bulletin of the Novosibirsk Computing Center. Computer Science.},
  year         = {2021},
  number       = {45},
  pages        = {59--68},
  language     = {english},
  authorother  = {true},
}

@article{scbib1,
  author       = {Sarma, Gopal P.  and Lee, Chee Wai  and Portegys, Tom  and Ghayoomie, Vahid  and Jacobs, Travis  and Alicea, Bradly  and Cantarelli, Matteo  and Currie, Michael  and Gerkin, Richard C.  and Gingell, Shane  and Gleeson, Padraig  and Gordon, Richard  and Hasani, Ramin M.  and Idili, Giovanni  and Khayrulin, Sergey  and Lung, David  and Palyanov, Andrey  and Watts, Mark  and Larson, Stephen D.},
  title        = {OpenWorm: overview and recent advances in integrative biological simulation of <i>Caenorhabditis elegans</i>},
  journal      = {Philosophical Transactions of the Royal Society B: Biological Sciences},
  year         = {2018},
  number       = {1758},
  pages        = {20170382},
  language     = {english},
  authorwos = {true},
}

@article{scbib2,
  author       = {Palyanov, Andrey  and Khayrulin, Sergey  and Larson, Stephen D.},
  title        = {Three-dimensional simulation of the <i>Caenorhabditis elegans</i> body and muscle cells in liquid and gel environments for behavioural analysis},
  journal      = {Philosophical Transactions of the Royal Society B: Biological Sciences},
  year         = {2018},
  number       = {1758},
  pages        = {59--68},
  language     = {english},
  authorwos = {true},
  authorwos = {true},
}

@conference{confbib2,
  author     = {Lung, David and Larson, Stephen and Palyanov, Andrey and Khayrulin, Sergey and Gleeson, Padraig and Zimmer, Manuel and Grosu, Radu and Hasani, Ramin},
  title      = {A Simplified Cell Network for the Simulation of C. elegans' Forward Crawling},
  booktitle  = {Proc. Marchuk Scientific Readings},
  year       = {2017},
  month      = {01},
  language   = {english},
  authorconf = {true}
}

@article{scbib3,
  author       = {Palyanov, Andrey  and Khayrulin, Sergey  and Larson, Stephen D.},
  title        = {Application of smoothed particle hydrodynamics to modeling mechanisms of biological tissue},
  journal      = {Advances in Engineering Software},
  year         = {2016},
  volume       = {98},
  pages        = {1--11},
  language     = {english},
  authorwos = {true}
}

@conference{confbib3,
  author     = {A.Yu. Palyanov, S.S. Khayrulin.},
  title      = {Realistic 3d simulation of c. elegans swimming and crawling with sibernetic environment},
  booktitle  = {Proc. International conference “Mathematical Modeling and High-Performance Computing in Bioinformatics, Biomedicine and Biotechnology”},
  year       = {2016},
  pages           = {79},
  month      = {08},
  language   = {english},
  authorconf = {true}
}

@article{vakbib3,
  author       = {A. Yu. Palyanov, S. S. Khayrulin.},
  title        = {Sibernetic: A software complex based on the PCI SPH algorithm aimed at simulation problems in biomechanics},
  journal      = {Russian Journal of Genetics: Applied Research},
  year         = {2015},
  volume       = {5},
  pages        = {635--641},
  language     = {english},
  authorvak = {true},
}

@conference{confbib4,
  author     = {Gleeson Padraig, Cantarelli Matteo, Currie Michael, Hokanson Jim, Idili Giovanni, Khayrulin Sergey, Palyanov, Andrey, Szigeti Balazs, Larson Stephen},
  title      = {The OpenWorm Project: currently available resources and future plans},
  booktitle  = {BMC Neuroscience},
  year       = {2015},
  pages           = {141},
  month      = {12},
  language   = {english},
  authorconf = {true}
}

@conference{confbib5,
  author     = {Andrey Palyanov, Natalia Palyanova, Sergey Khayrulin},
  title      = {To the problem of a biologically reasonable modeling of the C. elegans neuronal activity},
  booktitle  = {Proc. PSI’2015},
  year       = {2015},
  language   = {russian},
  authorconf = {true}
}

@article{scbib5,
  author       = {Szigeti B, Gleeson P, Vella M, Khayrulin S, Palyanov A, Hokanson J, Currie M, Cantarelli M, Idili G and Larson S},
  title        = {OpenWorm: an open-science approach to modeling Caenorhabditis elegans},
  journal      = {Frontiers in computational neuroscience},
  year         = {2014},
  volume       = {8},
  language     = {english},
  authorwos = {true},
}

@article{vakbib2,
  author       = {Пальянов А.Ю., Хайрулин С.С},
  title        = {Sibernetic: программный комплекс на базе алгоритма PCI SPH, ориентированный на задачи моделирования в области биомеханики живых систем},
  journal      = {Вавиловский журнал генетики и селекции},
  year         = {2014},
  pages           = {1212--1221},
  volume       = {4},
  issue           = {3},
  language     = {russian},
  authorvak = {true},
}

@conference{confbib6,
  author     = {Palyanov A., Khayrulin S.},
  title      = {Sibernetic: novel approach to realistic modeling of invertebrates biomechanics},
  booktitle  = {Proc. International conference "Mathematical Modeling and High-Performance Computing in Bioinformatics, Biomedicine and Biotechnology", MM&HPC-2014},
  year       = {2014},
  language   = {russian},
  authorconf = {true}
}

@conference{confbib7,
  author     = {Michael Vella, Andrey Palyanov, Padraig Gleeson, Sergey Khayrulin},
  title      = {Integration of predictive-corrective incompressible SPH and Hodgkin-Huxley based models in the OpenWorm in silico model of C. elegans},
  booktitle  = {BMC Neuroscience},
  year       = {2013},
  pages           = {209},
  month     ={07},
  language   = {english},
  authorconf = {true}
}

@article{scbib7,
  author       = {Andrey Palyanov, Sergey Khayrulin, Stephen D Larson, Alexander Dibert},
  title        = {Towards a virtual C. Elegans: A framework for simulation and visualization of the neuromuscular system in a 3D physical environment},
  journal      = {In Silico Biology},
  year         = {2012},
  pages           = {137--147},
  volume       = {11},
  month           = {08},
  language     = {english},
  authorwos = {true},
}

@article{vakbib1,
  author       = {Пальянов А.Ю., Пальянова Н.В., Хайрулин С.С.},
  title        = {О проблемах моделирования биологических нейронных сетей},
  journal      = {Вестник НГУ: серия «Информационные технологии»},
  year         = {2012},
  pages           = {1212--1221},
  volume       = {10},
  issue           = {3},
  language     = {russian},
  authorvak = {true},
}

% @inproceedings{confbib1,
%   author     = {Фамилия, И. О.},
%   title      = {название тезисов конференции},
%   booktitle  = {Название сборника},
%   year       = {2015},
%   language   = {russian},
%   authorconf = {true}
% }

% @conference{confbib2,
%   author     = {Фамилия, И. О.},
%   title      = {название тезисов конференции},
%   booktitle  = {Название сборника},
%   year       = {2015},
%   language   = {russian},
%   authorconf = {true}
% }

% @article{bib1,
%   author      = {Фамилия, И. О.},
%   title       = {Название статьи},
%   journal     = {Журнал},
%   year        = {2012},
%   volume      = {1},
%   pages       = {100},
%   language    = {russian},
%   authorother = {true},
%   authorconf  = {true}
% }

% @conference{bib2,
%   author     = {Фамилия, И. О.},
%   title      = {название тезисов конференции},
%   booktitle  = {Название сборника},
%   year       = {2012},
%   language   = {russian},
%   authorconf = {true}
% }

% @article{vakbib1,
%   author    = {Фамилия, И. О. and Фамилия2, И. О. and Фамилия3, И. О.},
%   addendum  = {(0,28~п.~л.; ВАК, WoS)},
%   title     = {Название статьи},
%   journal   = {Журнал},
%   year      = {2013},
%   volume    = {1},
%   number    = {5},
%   pages     = {100--120},
%   language  = {russian},
%   authorvak = {true},
%   authorwos = {true}
% }

% @article{vakbib2,
%   author    = {Фамилия, И. О. and Фамилия2, И. О. and Фамилия3, И. О. and Фамилия4, И. О.},
%   addendum  = {(0,33~п.~л.~/ 0,28~п.~л.; ВАК)},
%   title     = {Название статьи},
%   journal   = {Журнал},
%   year      = {2014},
%   volume    = {1},
%   number    = {5},
%   pages     = {100--120},
%   language  = {russian},
%   authorvak = {true}
% }

% @article{wosbib1,
%   author    = {Фамилия, И. О. and Фамилия2, И. О. and Фамилия3, И. О.},
%   addendum  = {(0,21~п.~л., WoS)},
%   title     = {Название статьи},
%   journal   = {Журнал},
%   year      = {2011},
%   volume    = {1},
%   number    = {8},
%   pages     = {105--120},
%   language  = {russian},
%   authorwos = {true}
% }