% ГОСТ Р 7.0.11-2011, Приложение Б, Книги
@BOOK{Sychev,
  author = {Сычёв, М. С.},
  title = {История Астраханского казачьего войска : учебное пособие},
  address = {Астрахань},
  publisher = {Волга},
  year = {2009},
  numpages = {231},
  language = {russian}
}

@BOOK{Sokolov,
  author = {Соколов, А. Н. and Сердобинцев, К. С.},
  editor = {Бочарова, В. М.},
  address = {Астрахань},
  publisher = {Калиниградский ЮИ МВД России},
  title = {Гражданское общество: проблемы формирования и развития (философский и юридический аспекты) : монография},
  year = {2009},
  numpages = {218},
  language = {russian}
}

@BOOK{Gaidaenko,
  author = {Гайдаенко, Т. А.},
  title = {Маркетинговое управление: принципы управленческих решений и российская практика},
  edition = {{}3-е изд, перераб. и доп.},
  address = {М.},
  publisher = {Эксмо: МИРБИС},
  year = {2008},
  numpages = {508},
  language = {russian}
}

@BOOK{Lermontov,
  author = {Лермонтов, Михаил Юрьевич},
  title = {Собрание сочинений: в 4 т.},
  address = {М.},
  publisher = {Терра-Кн. клуб},
  year = {2009},
  note = {4 т.},
  language = {russian}
}

@BOOK{Management,
  title = {Управление бизнесом : сборник статей},
  address = {Нижний новгород},
  publisher = {Изд-во Нижегородского университета},
  year = {2009},
  numpages = {243},
  language = {russian}
}

@BOOK{Borozda,
  author = {Борозда, И. В. and Воронин, Н. И. and Бушманов, А. В.},
  title = {Лечение сочетанных повреждений таза},
  address = {Владивосток},
  publisher = {Дальнаука},
  year = {2009},
  numpages = {195},
  language = {russian}
}

@BOOK{Marketing,
  author = {Михненков, О. В. and Коготкова, И. З. and Генкин, Е. В. and Сороко, Г. Я.},
  title = {Маркетинговые исследования в строительстве : учебное пособие для студентов специальности «Менеджмент организаций»},
  address = {М.},
  publisher = {Государственный университет управления},
  year = {2005},
  numpages = {59},
  language = {russian}
}

% ГОСТ Р 7.0.11-2011, Приложение Б, Нормативные правовые акты
@BOOK{Constitution,
  title = {Конституция Российской Федерации : офиц. текст.},
  address = {М.},
  publisher = {Маркетинг},
  year = {2001},
  numpages = {39},
  language = {russian}
}

@BOOK{FamilyCode,
  title = {Семейный кодекс Российской Федерации : [федер. закон: принят Гос. Думой 8 дек. 1995~г. : по состоянию на 3~янв. 2001~г.]},
  address = {СПб.},
  publisher = {Стаун-кантри},
  year = {2001},
  numpages = {94},
  language = {russian}
}

% ГОСТ Р 7.0.11-2011, Приложение Б, Стандарты
@BOOK{Gost.7.0.53,
  title = {ГОСТ Р 7.0.53-2007 Система стандартов по информации, библиотечному и издательскому делу. Издания. Международный стандартный книжный номер. Использование и издательское оформление.},
  address = {М.},
  publisher = {Стандартинформ},
  year = {2007},
  numpages = {5},
  language = {russian}
}

% ГОСТ Р 7.0.11-2011, Приложение Б, Депонированные научные работы
@BOOK{Razumovski,
  author = {Разумовский, В. А. and Андреев, Д. А.},
  title = {Управление маркетинговыми исследованиями в регионе},
  address = {М.},
  year = {2002},
  numpages = {210},
  note = {Деп. в ИНИОН Рос. акад. наук 15.02.02, № 139876},
  language = {russian}
}

% ГОСТ Р 7.0.11-2011, Приложение Б, Диссертации
@BOOK{Lagkueva,
  author = {Лагкуева, Ирина Владимировна},
  title = {Особенности регулирования труда творческих работников театров : дис. ... канд. юрид. наук : 12.00.05},
  address = {М.},
  year = {2009},
  numpages = {168},
  language = {russian}
}

@BOOK{Pokrovski,
  author = {Покровский, Андрей Владимирович},
  title = {Устранимые особенности решений эллиптических уравнений : дис. ... д-ра физ.-мат. наук : 01.01.01},
  address = {М.},
  year = {2008},
  numpages = {178},
  language = {russian}
}

% ГОСТ Р 7.0.11-2011, Приложение Б, Авторефераты диссертаций
@BOOK{Sirotko,
  author = {Сиротко, Владимир Викторович},
  title = {Медико-социальные аспекты городского травматизма в современных условиях : автореф. дис. ... канд. мед. наук : 14.00.33},
  address = {М.},
  year = {2006},
  numpages = {26},
  language = {russian}
}

% !!! этот пример НЕ работает с bibtex
% Тот же пример, с использованием https://www.ctan.org/pkg/biblatex-gost
@THESIS{Sirotko2,
  author =       {Сиротко, Владимир Викторович},
  title =        {Медико-социальные аспекты городского травматизма в современных условиях},
  media =        {text},
  type =         {phdautoref},
  science =      {мед. наук},
  specialitycode ={14.00.33},
  address =      {М.},
  year =         {2006},
  pagetotal =    {26},
  language =     {russian},
}

@BOOK{Lukina,
  author = {Лукина, Валентина Александровна},
  title = {Творческая история «Записок охотника» И. С. Тургенева : автореф. дис. ... канд. филол. наук : 10.01.01},
  address = {СПб.},
  year = {2006},
  numpages = {26},
  language = {russian}
}

% !!! этот пример НЕ работает с bibtex
% Тот же пример, с использованием https://www.ctan.org/pkg/biblatex-gost
@THESIS{Lukina2,
  author =       {Лукина, Валентина Александровна},
  title =        {Творческая история «Записок охотника» И. С. Тургенева},
  media =        {text},
  type =         {phdautoref},
  science =      {филол. наук},
  specialitycode ={10.01.01},
  address =      {СПб.},
  year =         {2006},
  pagetotal =    {26},
  language =     {russian},
}

% ГОСТ Р 7.0.11-2011, Приложение Б, Отчёты о научно-исследовательской работе
@BOOK{Methodology,
  author = {Загорюев, А. Л.},
  title = {Методология и методы изучения военно-профессиональной направленности подростков : отчёт о НИР},
  address = {Екатеринбург},
  institution = {Уральский институт практической психологии},
  year = {2008},
  numpages = {102},
  language = {russian}
}

% ГОСТ Р 7.0.11-2011, Приложение Б, Электронные ресурсы
@BOOK{Encyclopedia,
  title = {Художественная энциклопедия зарубежного классического искусства [Электронный ресурс]},
  address = {М.},
  publisher = {Большая Рос. энкцикл.},
  year = {1996},
  note = {1 электрон. опт. диск (CD-ROM)},
  language = {russian}
}

% !!! этот пример НЕ работает с bibtex
% Тот же пример, с использованием https://www.ctan.org/pkg/biblatex-gost
@BOOK{Encyclopedia2,
  title = {Художественная энциклопедия зарубежного классического искусства},
  address = {М.},
  media = {eresource},
  publisher = {Большая Рос. энкцикл.},
  year = {1996},
  note = {1 электрон. опт. диск (CD-ROM)},
  language = {russian},
}

@ARTICLE{Nasirova,
  author = {Насырова, Г. А.},
  title = {Модели государственного регулирования страховой деятельности [Электронный ресурс]},
  journal = {Вестник Финансовой академии},
  year = {2003},
  media = {eresource},
  number = {4},
  note = {Режим доступа: http://vestnik.fa.ru/4(28)2003/4.html},
  language = {russian}
}

% ГОСТ Р 7.0.11-2011, Приложение Б, Статьи

@ARTICLE{Berestova,
  author = {Берестова, Т. Ф.},
  title = {Поисковые инструменты библиотеки},
  journal = {Библиография},
  year = {2006},
  number = {4},
  pages = {19},
  language = {russian}
}

@ARTICLE{Kriger,
  author = {Кригер, И.},
  title =  {Бумага терпит},
  journal = {Новая газета},
  year = {2009},
  note = {1 июля},
  language = {russian}
}


% Examples from https://verbosus.com/bibtex-style-examples.html
@ARTICLE{Article,
  author   = {Peter Adams},
  title    = {The title of the work},
  journal  = {The name of the journal},
  year     = {1993},
  number   = {2},
  pages    = {201-213},
  month    = {7},
  note     = {An optional note},
  volume   = {4},
  language = {english}
}

@BOOK{Book,
  author    = {Peter Babington},
  title     = {The title of the work},
  publisher = {The name of the publisher},
  year      = {1993},
  volume    = {4},
  series    = {10},
  address   = {The address},
  edition   = {3},
  month     = {7},
  note      = {An optional note},
  isbn      = {3257227892},
  language  = {english}
}

@BOOKLET{Booklet,
  title        = {The title of the work},
  author       = {Peter Caxton},
  howpublished = {How it was published},
  address      = {The address of the publisher},
  month        = {7},
  year         = {1993},
  note         = {An optional note},
  language     = {english}
}

@CONFERENCE{Conference,
  author       = {Peter Draper},
  title        = {The title of the work},
  booktitle    = {The title of the book},
  year         = {1993},
  editor       = {The editor},
  volume       = {4},
  series       = {5},
  pages        = {213},
  address      = {The address of the publisher},
  month        = {7},
  organization = {The organization},
  publisher    = {The publisher},
  note         = {An optional note},
  language     = {english}
}

@INBOOK{Inbook,
  author       = {Peter Eston},
  title        = {The title of the work},
  booktitle    = {Book title},
  chapter      = {8},
  pages        = {201-213},
  publisher    = {The name of the publisher},
  year         = {1993},
  volume       = {4},
  series       = {5},
  address      = {The address of the publisher},
  edition      = {3},
  month        = {7},
  note         = {An optional note},
  language     = {english}
}

@INCOLLECTION{Incollection,
  author       = {Peter Farindon},
  title        = {The title of the work},
  booktitle    = {The title of the book},
  publisher    = {The name of the publisher},
  year         = {1993},
  editor       = {The editor},
  volume       = {4},
  series       = {5},
  chapter      = {8},
  pages        = {201-213},
  address      = {The address of the publisher},
  edition      = {3},
  month        = {7},
  note         = {An optional note},
  language     = {english}
}

@MANUAL{Manual,
  title        = {The title of the work},
  author       = {Peter Gainsford},
  organization = {The organization},
  address      = {The address of the publisher},
  edition      = {3},
  month        = {7},
  year         = {1993},
  note         = {An optional note},
  language     = {english}
}

@MASTERSTHESIS{Mastersthesis,
  author       = {Peter Harwood},
  title        = {The title of the work},
  school       = {The school where the thesis was written},
  year         = {1993},
  address      = {The address of the publisher},
  month        = {7},
  note         = {An optional note},
  language     = {english}
}

@MISC{Misc,
  author       = {Peter Isley},
  title        = {The title of the work},
  howpublished = {How it was published},
  month        = {7},
  year         = {1993},
  note         = {An optional note},
  language     = {english}
}

@PHDTHESIS{Phdthesis,
  author       = {Peter Joslin},
  title        = {The title of the work},
  school       = {The school where the thesis was written},
  year         = {1993},
  address      = {The address of the publisher},
  month        = {7},
  note         = {An optional note},
  language     = {english}
}

@PROCEEDINGS{Proceedings,
  title        = {The title of the work},
  year         = {1993},
  editor       = {Peter Kidwelly},
  volume       = {4},
  series       = {5},
  address      = {The address of the publisher},
  month        = {7},
  organization = {The organization},
  publisher    = {The name of the publisher},
  note         = {An optional note},
  language     = {english}
}

@TECHREPORT{Techreport,
  author       = {Peter Lambert},
  title        = {The title of the work},
  institution  = {The institution that published},
  year         = {1993},
  number       = {2},
  address      = {The address of the publisher},
  month        = {7},
  note         = {An optional note},
  language     = {english}
}

@UNPUBLISHED{Unpublished,
  author       = {Peter Marcheford},
  title        = {The title of the work},
  note         = {An optional note},
  month        = {7},
  year         = {1993},
  language     = {english}
}

%%% Реальные примеры

% Инициалы должны быть записаны после запятой, с точками, через пробел
% http://www.kit-e.ru/articles/elcomp/2006_12_124.php
% Подчёркивания в ссылке приходится экранировать
% http://www.kit-e.ru/articles/elcomp/2006\_12\_124.php
@online{medvedev2006jelektronnye,
  title={Электронные компоненты и монтажные подложки},
  author={Медведев, А. М.},
  journal={Компоненты и технологии},
  number={12},
  pages={124--134},
  year={2006},
  medium={Электронный ресурс},
  url = {http://www.kit-e.ru/articles/elcomp/2006\_12\_124.php},
  urldate = {19.01.2015},
  language = {russian}
}

% Real example
% & в названии журнала надо экранировать
% 10.1002/1521-4125(200007)23:7<581::AID-CEAT581>3.0.CO;2-P
% < > в ссылке приходится экранировать %3C и %3E, а потом ещё знаки процента в них экранировать
% 10.1002/1521-4125(200007)23:7%3C581::AID-CEAT581%3E3.0.CO;2-P
% 10.1002/1521-4125(200007)23:7\%3C581::AID-CEAT581\%3E3.0.CO;2-P
% url не нужен. если запись о бумажной публикации
@article {CEAT:CEAT581,
  author = {Deiters, U. K.},
  title = {A Modular Program System for the Calculation of Thermodynamic Properties of Fluids},
  journal = {Chemical Engineering \& Technology},
  volume = {23},
  number = {7},
  publisher = {WILEY-VCH Verlag},
  issn = {1521-4125},
  doi = {10.1002/1521-4125(200007)23:7<581::AID-CEAT581>3.0.CO;2-P},
  pages = {581--584},
  year = {2000},
  language = {english}
}

% Real with  4 authors
@article{doi:10.1080/01932691.2010.513279,
  author = {Young-Sang Cho and Young Kuk Kim and Kook Chae Chung and Chul Jin Choi },
  title = {Deformation of Colloidal Crystals for Photonic Band Gap Tuning},
  journal = {Journal of Dispersion Science and Technology},
  volume = {32},
  number = {10},
  pages = {1408-1415},
  year = {2011},
  doi = {10.1080/01932691.2010.513279},
  language = {english}
}

% doi with (), author with umlaut or other unicode or specific symbols, 9 authors
% latex don't like Gösele1999161 in ref
% Умляуты в авторах понимаются из-за поддержки в юникодной странице pdflatex и xelatex
% Иллюстрация того, что будет. если на английской записи будут поставлена пометка, что язык русский
@article{Gosele1999161,
  title = "Wafer bonding for microsystems technologies",
  journal = "Sensors and Actuators A: Physical",
  volume = "74",
  number = "1–3",
  pages = "161 - 168",
  year = "1999",
  issn = "0924-4247",
  doi = "10.1016/S0924-4247(98)00310-0",
  author = "Gösele, U. and Tong, Q.-Y. and Schumacher, A. and Kräuter, G. and Reiche, M. and Plößl, A. and Kopperschmidt, P. and Lee, T.-H. and Kim, W.-J.",
  keywords = "Wafer bonding",
  keywords = "Fusion bonding",
  keywords = "Pressure sensors",
  keywords = "Interface reactions",
  keywords = "Hydrophilic bonding",
  keywords = "Hydrophobic bonding",
  language = {russian}
}

% Real example (from Google or Springer)
% unmodified styles don't know %language = {English}
% язык писать с маленьких
% иллюстрация incollection
% 10.1007/0-387-32989-7_45
% Подчёркивания в DOI приходится экранировать
% 10.1007/0-387-32989-7\_45
@incollection{Li2007StressAnalysis,
  year={2007},
  isbn={978-0-387-27974-9},
  booktitle={Micro- and Opto-Electronic Materials and Structures: Physics, Mechanics, Design, Reliability, Packaging},
  editor={Suhir, E. and Lee, Y. C. and Wong, C. P.},
  doi={10.1007/0-387-32989-7_45},
  title={Stress Analysis for Processed Silicon Wafers and Packaged Micro-devices},
  publisher={Springer US},
  author={Li, Li and Guo, Yifan and Zheng, Dawei},
  pages={B677-B709},
  language={english}
}

% Real, β sign
% inputenc don't know β sign %aluminosilicate-β-quartz
% Знаки типа β, которые не знает таблица кодировки, с которой работает компилятор нужно заменять на latex команды
% doi должен быть без http://dx.doi.org/
@article{Shoji199895,
title = "Low-temperature anodic bonding using lithium aluminosilicate-\(\beta\)-quartz glass ceramic",
journal = "Sensors and Actuators A: Physical",
volume = "64",
number = "1",
pages = "95 - 100",
year = "1998",
note = "Tenth {IEEE} International Workshop on Micro Electro Mechanical Systems ",
issn = "0924-4247",
doi = "10.1016/S0924-4247(97)01659-2",
author = {Shuichi Shoji and Hiroto Kikuchi and Hirotaka Torigoe},
keywords = "Anodic bonding",
keywords = "Low-temperature bonding",
keywords = "Micro assembly",
keywords = "Micro package",
keywords = "Glass ceramic",
}

% Мои статьи

@article{CHKLOVSKII2010667,
title = "Semi-automated reconstruction of neural circuits using electron microscopy",
journal = "Current Opinion in Neurobiology",
volume = "20",
number = "5",
pages = "667 - 675",
year = "2010",
note = "Neuronal and glial cell biology – New technologies",
issn = "0959-4388",
doi = "https://doi.org/10.1016/j.conb.2010.08.002",
url = "http://www.sciencedirect.com/science/article/pii/S0959438810001224",
author = "Dmitri B Chklovskii and Shiv Vitaladevuni and Louis K Scheffer",
abstract = "Reconstructing neuronal circuits at the level of synapses is a central problem in neuroscience, and the focus of the nascent field of connectomics. Previously used to reconstruct the C. elegans wiring diagram, serial-section transmission electron microscopy (ssTEM) is a proven technique for the task. However, to reconstruct more complex circuits, ssTEM will require the automation of image processing. We review progress in the processing of electron microscopy images and, in particular, a semi-automated reconstruction pipeline deployed at Janelia Farm. Drosophila circuits underlying identified behaviors are being reconstructed in the pipeline with the goal of generating a complete Drosophila connectome."
}

@article{Markram2011,
author = {Markram, Henry and Meier, Karlheinz and Lippert, Thomas and Grillner, Sten and Frackowiak, Richard and Dehaene, Stanislas and Knoll, Alois and Sompolinsky, Haim and Verstreken, Kris and Defelipe, Javier and Grant, Seth and Changeux, Jean-Pierre and Saria, Alois},
year = {2011},
month = {12},
pages = {39–42},
title = "Introducing the Human Brain Project",
volume = {7},
journal = {Procedia Computer Science},
doi = {10.1016/j.procs.2011.12.015}
}

@InProceedings{Markram2006,
  author = {Henry Markram},
  title = "The blue brain project",
  year =  2006,
  booktitle = "SC ’06: Proceedings of the 2006 ACM/IEEE Conference on Supercomputing",
  publisher = {Association for Computing Machinery},
  address = {New York, NY, USA},
  location = {Tampa, Florida},
  doi = {10.1145/1188455.1188511}
}

@book{Carnevale2006,
author = "Carnevale, Nicholas T. and Hines, Michael L.",
title = {The NEURON Book},
year = {2006},
isbn = {0521843219},
publisher = {Cambridge University Press},
address = {USA}
}

@Inbook{Elam2013,
  author="Elam, Jennifer Stine and Van Essen, David",
  editor="Jaeger, Dieter and Jung, Ranu",
  title="Human Connectome Project",
  bookTitle="Encyclopedia of Computational Neuroscience",
  year="2013",
  publisher="Springer New York",
  address="New York, NY",
  pages="1--4",
  isbn="978-1-4614-7320-6",
  doi="10.1007/978-1-4614-7320-6_592-1",
  url="https://doi.org/10.1007/978-1-4614-7320-6_592-1"
}

@article{NIEBUR19911132,
title = "Theory of the locomotion of nematodes: Dynamics of undulatory progression on a surface",
journal = "Biophysical Journal",
volume = "60",
number = "5",
pages = "1132 - 1146",
year = "1991",
issn = "0006-3495",
doi = "https://doi.org/10.1016/S0006-3495(91)82149-X",
url = "http://www.sciencedirect.com/science/article/pii/S000634959182149X",
author = "Ernst Niebur and Paul Erdös",
abstract = "We develop a model of the undulatory locomotion of nematodes, in particular that of Caenorhabditis elegans, based on mechanics. The model takes into account the most important forces acting on a moving worm and allows the computer simulation of a creeping nematode. These forces are produced by the interior pressure in the liquid-filled body cavity, the elasticity of the cuticle, the excitation of certain sets of muscles and the friction between the body and its support. We propose that muscle excitation patterns can be generated by stretch receptor control. By solving numerically the equations of motion of the model of the nematode, we demonstrate that these muscle excitation patterns are suitable for the propulsion of the animal."
}

@article{Boyle2012,
  author = {Boyle, Jordan and Berri, Stefano and Cohen, Netta},
  year = {2012},
  month = {03},
  pages = {10},
  title = {Gait Modulation in C. elegans: An Integrated Neuromechanical Model},
  volume = {6},
  journal = {Frontiers in computational neuroscience},
  doi = {10.3389/fncom.2012.00010}
}

@article{Karbowski2008,
author = {Karbowski, Jan and Schindelman, Gary and Cronin, Christopher and Seah, Adeline and Sternberg, Paul},
year = {2008},
month = {07},
pages = {253-76},
title = {Systems level circuit model of C. elegans undulatory locomotion: Mathematical modeling and molecular genetics},
volume = {24},
journal = {Journal of computational neuroscience},
doi = {10.1007/s10827-007-0054-6}
}

@article{Williamson2012,
  author = {Williamson, David and Cohen, Netta},
  year = {2012},
  month = {07},
  pages = {},
  title = {Size matters: modeling the effects of body shape on locomotive behavior in the nematode C. elegans},
  volume = {13},
  journal = {BMC Neuroscience},
  doi = {10.1186/1471-2202-13-S1-P163}
}

@misc{Bryden2004,
  month = {July},
  author = {J.A. Bryden and N. Cohen},
  note = {This is an author produced version of a paper published in 'From Animals to Animats 8: Proceedings of the Eighth International Conference on the Simulation of Adaptive Behavior'. Uploaded in accordance with the publisher's self-archiving policy.},
  booktitle = {SAB'04},
  editor = {S. Schaal and A.J. Ijspeert and A. Billard and S. Vijayakumar and J. Hallam and J-A. Meyer},
  title = {A simulation model of the locomotion controllers for the nematode Caenorhabditis elegans},
  address = {Cambridge, Mass.},
  publisher = {MIT Press},
  year = {2004},
  journal = {From Animals to Animats 8: Proceedings of the Eighth International Conference on the Simulation of Adaptive Behavior},
  pages = {183--192},
  url = {http://eprints.whiterose.ac.uk/7961/},
}

@InProceedings{Suzuki2004,
  author = {Suzuki, Michiyasu and Goto, T. and Tsuji, Toshio and Ohtake, H.},
  year = {2004},
  month = {09},
  pages = {879 - 884},
  title = {A Motor Control Model of the Nematode C. e1egaans},
  journal = {Proceedings - 2004 IEEE International Conference on Robotics and Biomimetics, IEEE ROBIO 2004},
  doi = {10.1109/ROBIO.2004.1521900}
}

@article{Rnkk2008ModelingTC,
  title={Modeling the C. elegans nematode and its environment using a particle system.},
  author={Mauno R{\"o}nkk{\"o} and Garry Wong},
  journal={Journal of theoretical biology},
  year={2008},
  volume={253 2},
  pages={
          316-22
        }
}

@article{Mailler2010,
  author = {Mailler, Roger and Avery, Jason and Graves, Jacob and Willy, Nathan},
  year = {2010},
  month = {03},
  pages = {},
  title = {A Biologically Accurate 3D Model of the Locomotion of Caenorhabditis Elegans},
  volume = {2},
  journal = {International Journal on Advances in Life Sciences},
  doi = {10.1109/BioSciencesWorld.2010.18}
}

@article {Palyanov2012,
	Title = {Towards a virtual C. elegans: a framework for simulation and visualization of the neuromuscular system in a 3D physical environment},
	Author = {Palyanov, Andrey and Khayrulin, Sergey and Larson, Stephen D and Dibert, Alexander},
	DOI = {10.3233/isb-2012-0445},
	Number = {3-4},
	Volume = {11},
	Year = {2011},
	Journal = {In silico biology},
	ISSN = {1386-6338},
	Pages = {137—147},
	URL = {https://doi.org/10.3233/ISB-2012-0445},
}

@article{Palyanov2018,
  author = {Palyanov, Andrey  and Khayrulin, Sergey  and Larson, Stephen D. },
  title = {Three-dimensional simulation of the <i>Caenorhabditis elegans</i> body and muscle cells in liquid and gel environments for behavioural analysis},
  journal = {Philosophical Transactions of the Royal Society B: Biological Sciences},
  volume = {373},
  number = {1758},
  pages = {20170376},
  year = {2018},
  doi = {10.1098/rstb.2017.0376},

  URL = {https://royalsocietypublishing.org/doi/abs/10.1098/rstb.2017.0376},
  eprint = {https://royalsocietypublishing.org/doi/pdf/10.1098/rstb.2017.0376},
}

@article{Palyanov2016,
  title = "Application of smoothed particle hydrodynamics to modeling mechanisms of biological tissue",
  journal = "Advances in Engineering Software",
  volume = "98",
  pages = "1 - 11",
  year = "2016",
  issn = "0965-9978",
  doi = "https://doi.org/10.1016/j.advengsoft.2016.03.002",
  url = "http://www.sciencedirect.com/science/article/pii/S0965997816300618",
  author = "Andrey Palyanov and Sergey Khayrulin and Stephen D. Larson",
  keywords = "Computational fluid dynamics, PCISPH, Biomechanics, Elastic matter, Liquid impermeable elastic membranes, Contractile matter, High-performance parallel computing, Open science",
}

@article{Krichmar2005,
  author = {Krichmar, Jeff and Edelman, Gerald},
  year = {2005},
  month = {12},
  pages = {63-77},
  title = {Brain-Based Devices for the Study of Nervous Systems and the Development of Intelligent Machines},
  volume = {11},
  journal = {Artificial life},
  doi = {10.1162/1064546053278946}
}

@article{White1976,
  author = {White, J and Southgate, E and Thomson, J and Brenner, S},
  year = {1976},
  month = {09},
  pages = {327-48},
  title = {The Structure of the Ventral Nerve Cord of Caenorhabditis elegans},
  volume = {275},
  journal = {Philosophical transactions of the Royal Society of London. Series B, Biological sciences},
  doi = {10.1098/rstb.1976.0086}
}

@article{Gleeson2010,
    author = {Gleeson, Padraig AND Crook, Sharon AND Cannon, Robert C. AND Hines, Michael L. AND Billings, Guy O. AND Farinella, Matteo AND Morse, Thomas M. AND Davison, Andrew P. AND Ray, Subhasis AND Bhalla, Upinder S. AND Barnes, Simon R. AND Dimitrova, Yoana D. AND Silver, R. Angus},
    journal = {PLOS Computational Biology},
    publisher = {Public Library of Science},
    title = {NeuroML: A Language for Describing Data Driven Models of Neurons and Networks with a High Degree of Biological Detail},
    year = {2010},
    month = {06},
    volume = {6},
    url = {https://doi.org/10.1371/journal.pcbi.1000815},
    pages = {1-19},
    abstract = {Author Summary Computer modeling is becoming an increasingly valuable tool in the study of the complex interactions underlying the behavior of the brain. Software applications have been developed which make it easier to create models of neural networks as well as detailed models which replicate the electrical activity of individual neurons. The code formats used by each of these applications are generally incompatible however, making it difficult to exchange models and ideas between researchers. Here we present the structure of a neuronal model description language, NeuroML. This provides a way to express these complex models in a common format based on the underlying physiology, allowing them to be mapped to multiple applications. We have tested this language by converting published neuronal models to NeuroML format and comparing their behavior on a number of commonly used simulators. Creating a common, accessible model description format will expose more of the model details to the wider neuroscience community, thus increasing their quality and reliability, as for other Open Source software. NeuroML will also allow a greater “ecosystem” of tools to be developed for building, simulating and analyzing these complex neuronal systems.},
    number = {6},
    doi = {10.1371/journal.pcbi.1000815}
}

@article{White1986,
  author = {White, J.G. and Southgate, E. and Thomson, J.N. and Brenner, S.},
  year = {1986},
  month = {01},
  pages = {327-348},
  title = {The Structure of the Nervous System of the Nematode Caenorhabditis elegans},
  volume = {275},
  journal = {Phil. Trans. Roy. Soc.}
}

@article{Huxley1957MuscleSA,
  title={Muscle structure and theories of contraction.},
  author={Andrew Fielding Huxley},
  journal={Progress in biophysics and biophysical chemistry},
  year={1957},
  volume={7},
  pages={
          255-318
        }
}

@InProceedings{Harlow1963,
 title = {The Particle-in-Cell Method for Numerical Solution of Problems in Fluid Dynamics},
 booktitle = {Proc. Symp. Applied Mathematics},
 year = 1963,
 author = {Harlow, F. H.}
}

@Book{Belocherkovsky1982,
  title                    = {Метод крупных частиц в газовой динамике.},
  author                   = {Белоцерковский О. М., Давыдов Ю. М.},
  year                     = {1982},
  numpages                 = {370},
  language                 = {russian}
}

@Book{Grigoriev2000,
  title                    = {Численные методы частицы-в-ячейках.},
  author                   = {Григорьев Ю.Н., Вшивков В.А.},
  year                     = {2000},
  numpages                 = {175},
  language                 = {russian}
}

@Book{Sedov1970,
  title                    = {Механика сплошной среды.},
  author                   = {Седов Л.И.},
  year                     = {1970},
  numpages                 = {1060},
  language                 = {russian}
}

@article{Gingold1977,
       author = {{Gingold}, R.~A. and {Monaghan}, J.~J.},
        title = {Smoothed particle hydrodynamics: theory and application to non-spherical stars.},
      journal = {Monthly Notices of the Royal Astronomical Society},
     keywords = {Hydrodynamics, Particle Theory, Stellar Models, Astrophysics, Stellar Rotation, Stellar Structure, Astrophysics},
         year = 1977,
        month = nov,
       volume = {181},
        pages = {375-389},
          doi = {10.1093/mnras/181.3.375},
       adsurl = {https://ui.adsabs.harvard.edu/abs/1977MNRAS.181..375G},
      adsnote = {Provided by the SAO/NASA Astrophysics Data System}
}

@article{Lucy1977,
       author = {{Lucy}, L.~B.},
        title = {A numerical approach to the testing of the fission hypothesis.},
      journal = {Astronomical Journal},
     keywords = {Binary Stars, Hypotheses, Nuclear Fission, Numerical Analysis, Protostars, Stellar Evolution, Astronomical Models, Difference Equations, Gas Dynamics, Monte Carlo Method, Numerical Stability, Particle Motion, Stellar Rotation, Astrophysics},
         year = 1977,
        month = dec,
       volume = {82},
        pages = {1013-1024},
          doi = {10.1086/112164},
       adsurl = {https://ui.adsabs.harvard.edu/abs/1977AJ.....82.1013L},
      adsnote = {Provided by the SAO/NASA Astrophysics Data System}
}

@InProceedings{Müller2003,
  author = {Müller, Matthias and Charypar, David and Gross, Markus},
  year = {2003},
  month = {07},
  pages = {154-159},
  title = {Particle-Based Fluid Simulation for Interactive Applications},
  volume = {2003},
  isbn = {1581136595},
  journal = {Fluid Dynamics}
}

@InProceedings{Müller2005,
author = {Müller, Matthias and Solenthaler, Barbara and Keiser, Richard and Gross, Markus},
year = {2005},
month = {01},
pages = {237-244},
title = {Particle-Based Fluid-Fluid Interaction},
journal = {Proceedings of the 2005 ACM SIGGRAPH/Eurographics Symposium on Computer Animation},
doi = {10.1145/1073368.1073402}
}

@InProceedings{Keiser2005,
  author = {Keiser, Richard and Adams, Bart and Gasser, Dominique and Bazzi, Paolo and Dutr\'{e}, Philip and Gross, Markus},
  title = {A Unified Lagrangian Approach to Solid-Fluid Animation},
  year = {2005},
  isbn = {3905673207},
  publisher = {Eurographics Association},
  address = {Goslar, DEU},
  booktitle = {Proceedings of the Second Eurographics / IEEE VGTC Conference on Point-Based Graphics},
  pages = {125–133},
  numpages = {9},
  location = {New York, USA},
  series = {SPBG’05}
}

@article{Solenthaler2007,
author = {Solenthaler, Barbara and Schläfli, Jürg and Pajarola, Renato},
title = {A unified particle model for fluid–solid interactions},
journal = {Computer Animation and Virtual Worlds},
volume = {18},
number = {1},
pages = {69-82},
keywords = {physically based simulation, smoothed particle hydrodynamics, fluids, solids, melting, solidification},
doi = {10.1002/cav.162},
url = {https://onlinelibrary.wiley.com/doi/abs/10.1002/cav.162},
eprint = {https://onlinelibrary.wiley.com/doi/pdf/10.1002/cav.162},
abstract = {Abstract We present a new method for the simulation of melting and solidification in a unified particle model. Our technique uses the Smoothed Particle Hydrodynamics (SPH) method for the simulation of liquids, deformable as well as rigid objects, which eliminates the need to define an interface for coupling different models. Using this approach, it is possible to simulate fluids and solids by only changing the attribute values of the underlying particles. We significantly changed a prior elastic particle model to achieve a flexible model for melting and solidification. By using an SPH approach and considering a new definition of a local reference shape, the simulation of merging and splitting of different objects, as may be caused by phase change processes, is made possible. In order to keep the system stable even in regions represented by a sparse set of particles we use a special kernel function for solidification processes. Additionally, we propose a surface reconstruction technique based on considering the movement of the center of mass to reduce rendering errors in concave regions. The results demonstrate new interaction effects concerning the melting and solidification of material, even while being surrounded by liquids. Copyright © 2007 John Wiley \& Sons, Ltd.},
year = {2007}
}

@InProceedings{Solenthaler2008,
author = {Solenthaler, B. and Pajarola, R.},
title = {Density Contrast SPH Interfaces},
year = {2008},
isbn = {9783905674101},
publisher = {Eurographics Association},
address = {Goslar, DEU},
booktitle = {Proceedings of the 2008 ACM SIGGRAPH/Eurographics Symposium on Computer Animation},
pages = {211–218},
numpages = {8},
location = {Dublin, Ireland},
series = {SCA ’08}
}
  
@InProceedings{Becker2007,
author = {Becker, Markus and Teschner, Matthias},
title = {Weakly Compressible SPH for Free Surface Flows},
year = {2007},
isbn = {9781595936240},
publisher = {Eurographics Association},
address = {Goslar, DEU},
booktitle = {Proceedings of the 2007 ACM SIGGRAPH/Eurographics Symposium on Computer Animation},
pages = {209–217},
numpages = {9},
keywords = {smoothed particle hydrodynamics, Tait equation, physically-based simulation, surface tension, volume preservation, fluid dynamics},
location = {San Diego, California},
series = {SCA ’07}
}

@article{Becker2009,
author = {Becker, Markus and Tessendorf, Hendrik and Teschner, Matthias},
year = {2009},
month = {05},
pages = {493-503},
title = {Direct Forcing for Lagrangian Rigid-Fluid Coupling},
volume = {15},
journal = {IEEE transactions on visualization and computer graphics},
doi = {10.1109/TVCG.2008.107}
}


@article{Desbrun1996,
author = {Desbrun, Mathieu and Tsingos, Nicolas and Gascuel, Marie-Paule},
title = {Adaptive Sampling of Implicit Surfaces for Interactive Modelling and Animation},
journal = {Computer Graphics Forum},
volume = {15},
number = {5},
pages = {319-325},
keywords = {Implicit surfaces, sampling, interactive visualization},
doi = {10.1111/1467-8659.1550319},
url = {https://onlinelibrary.wiley.com/doi/abs/10.1111/1467-8659.1550319},
eprint = {https://onlinelibrary.wiley.com/doi/pdf/10.1111/1467-8659.1550319},
abstract = {Abstract This paper presents a new adaptive sampling method for implicit surfaces that can be used in both interactive modelling and animation. The algorithm samples implicit objects composed of blending primitives and efficiently maintains this sampling over time, even when their topology changes (during fractures and fusions). It provides two complementary modes of immediate visualization: displaying “scales” lying on the surface, or a “primitive-wise” polygonization. The sampling method efficiently avoids unwanted blending between different parts of an object. Moreover, it can be used for partitioning an implicit surface into local bounding boxes that will accelerate collision detection during animation and ray-intersections during final rendering.},
year = {1996}
}

@InProceedings{Teschner2003,
    author = {Matthias Teschner and Bruno Heidelberger and Matthias Mueller and Danat Pomeranets and Markus Gross},
    title = {Optimized Spatial Hashing for Collision Detection of Deformable Objects},
    booktitle = {},
    year = {2003},
    pages = {47--54}
}

@TECHREPORT{Keiser2006,
  author      = { Keiser, Richard and Adams, Bart and Dutr\'e, {\relax Ph}ilip and Guibas, Leonidas and Pauly, Mark },
  title       = { Multiresolution particle-based fluids },
  institution = { Department of Computer Science, ETH Zurich },
  year        = { 2006 },
  type        = { Technical Report },
  number      = { 520 },
  pages       = { 10 },
}

@InProceedings{Kipfer2006,
  author = {Kipfer, Peter and Westermann, R\"{u}diger},
  title = {Realistic and Interactive Simulation of Rivers},
  year = {2006},
  isbn = {1568813082},
  publisher = {Canadian Information Processing Society},
  address = {CAN},
  booktitle = {Proceedings of Graphics Interface 2006},
  pages = {41–48},
  numpages = {8},
  keywords = {river flow, physics-based simulation, surface extraction, particle system},
  location = {Quebec, Canada},
  series = {GI ’06}
}

@InProceedings{Cohen1995,
  author = {Cohen, Jonathan D. and Lin, Ming C. and Manocha, Dinesh and Ponamgi, Madhav},
  title = {I-COLLIDE: An Interactive and Exact Collision Detection System for Large-Scale Environments},
  year = {1995},
  isbn = {0897917367},
  publisher = {Association for Computing Machinery},
  address = {New York, NY, USA},
  url = {https://doi.org/10.1145/199404.199437},
  doi = {10.1145/199404.199437},
  booktitle = {Proceedings of the 1995 Symposium on Interactive 3D Graphics},
  pages = {189–ff.},
  numpages = {9},
  location = {Monterey, California, USA},
  series = {I3D ’95}
}
  


@InProceedings{Becker2007,
  author = {Becker, Markus and Teschner, Matthias},
  title = {Weakly Compressible SPH for Free Surface Flows},
  year = {2007},
  isbn = {9781595936240},
  publisher = {Eurographics Association},
  address = {Goslar, DEU},
  booktitle = {Proceedings of the 2007 ACM SIGGRAPH/Eurographics Symposium on Computer Animation},
  pages = {209–217},
  numpages = {9},
  keywords = {physically-based simulation, volume preservation, surface tension, fluid dynamics, smoothed particle hydrodynamics, Tait equation},
  location = {San Diego, California},
  series = {SCA ’07}
}
  
@article{Shao2003,
  author = {Shao, Songdong and Lo, Edmond},
  year = {2003},
  month = {07},
  pages = {787-800},
  title = {Incompressible SPH Method for Simulating Newtonian and Non-Newtonian Fows with a Free Surface},
  volume = {26},
  journal = {Advances in Water Resources},
  doi = {10.1016/S0309-1708(03)00030-7}
}

@article{CUMMINS1999584,
title = "An SPH Projection Method",
journal = "Journal of Computational Physics",
volume = "152",
number = "2",
pages = "584 - 607",
year = "1999",
issn = "0021-9991",
doi = "https://doi.org/10.1006/jcph.1999.6246",
url = "http://www.sciencedirect.com/science/article/pii/S0021999199962460",
author = "Sharen J Cummins and Murray Rudman",
abstract = "A new formulation is introduced for enforcing incompressibility in Smoothed Particle Hydrodynamics (SPH). The method uses a fractional step with the velocity field integrated forward in time without enforcing incompressibility. The resulting intermediate velocity field is then projected onto a divergence-free space by solving a pressure Poisson equation derived from an approximate pressure projection. Unlike earlier approaches used to simulate incompressible flows with SPH, the pressure is not a thermodynamic variable and the Courant condition is based only on fluid velocities and not on the speed of sound. Although larger time-steps can be used, the solution of the resulting elliptic pressure Poisson equation increases the total work per time-step. Efficiency comparisons show that the projection method has a significant potential to reduce the overall computational expense compared to weakly compressible SPH, particularly as the Reynolds number, Re, is increased. Simulations using this SPH projection technique show good agreement with finite-difference solutions for a vortex spin-down and Rayleigh–Taylor instability. The results, however, indicate that the use of an approximate projection to enforce incompressibility leads to error accumulation in the density field."
}

@InProceedings{Solenthaler2009,
author = {Solenthaler, B. and Pajarola, R.},
title = {Predictive-Corrective Incompressible SPH},
year = {2009},
isbn = {9781605587264},
publisher = {Association for Computing Machinery},
address = {New York, NY, USA},
url = {https://doi.org/10.1145/1576246.1531346},
doi = {10.1145/1576246.1531346},
booktitle = {ACM SIGGRAPH 2009 Papers},
articleno = {Article 40},
numpages = {6},
keywords = {SPH, fluid simulation, incompressibility},
location = {New Orleans, Louisiana},
series = {SIGGRAPH ’09}
}

@article{Monaghan2005,
  author = {Monaghan J.},
  year = {2005},
  pages = {1703–1759},
  title = {Smoothed particle hydrodynamics},
  journal = {Reports on Progress in Physics},
  number= {68}
}

@article{Courant1967,
author = {Courant, R. and Friedrichs, K. and Lewy, H.},
title = {On the Partial Difference Equations of Mathematical Physics},
year = {1967},
issue_date = {March 1967},
publisher = {IBM Corp.},
address = {USA},
volume = {11},
number = {2},
issn = {0018-8646},
url = {https://doi.org/10.1147/rd.112.0215},
doi = {10.1147/rd.112.0215},
journal = {IBM J. Res. Dev.},
month = mar,
pages = {215–234},
numpages = {20}
}

@article{Temam1968,
     author = {Temam, Roger},
     title = {Une m\'ethode d'approximation de la solution des \'equations de Navier-Stokes},
     journal = {Bulletin de la Soci\'et\'e Math\'ematique de France},
     publisher = {Soci\'et\'e math\'ematique de France},
     volume = {96},
     year = {1968},
     pages = {115-152},
     doi = {10.24033/bsmf.1662},
     zbl = {0181.18903},
     mrnumber = {38},
     language = {fr},
     url = {http://www.numdam.org/item/BSMF_1968__96__115_0}
}

@article{Chorin1968,
     author = {Chorin A.J.},
     title = {Numerical Solution of the Navier-Stokes Equations},
     journal = {Mathematics of Computation},
     volume = {96},
     year = {1968},
     pages = {745-762},
     mrnumber = {22},
}

@InProceedings{Müller2004,
author = {M\"{u}ller, M. and Keiser, R. and Nealen, A. and Pauly, M. and Gross, M. and Alexa, M.},
title = {Point Based Animation of Elastic, Plastic and Melting Objects},
year = {2004},
isbn = {3905673142},
publisher = {Eurographics Association},
address = {Goslar, DEU},
url = {https://doi.org/10.1145/1028523.1028542},
doi = {10.1145/1028523.1028542},
booktitle = {Proceedings of the 2004 ACM SIGGRAPH/Eurographics Symposium on Computer Animation},
pages = {141–151},
numpages = {11},
location = {Grenoble, France},
series = {SCA ’04}
}
  
@InProceedings{Ihmsen2010,
  title={Boundary Handling and Adaptive Time-stepping for PCISPH},
  author={Markus Ihmsen and Nadir Akinci and Marc Gissler and Matthias Teschner},
  booktitle={VRIPHYS},
  year={2010}
}

@InProceedings{Verma2018,
author = {Verma, Kevin and Peng, Chong and Szewc, K. and Wille, Robert},
year = {2018},
month = {11},
pages = {},
title = {A Multi-GPU PCISPH Implementation with Efficient Memory Transfers},
doi = {10.1109/HPEC.2018.8547542}
}

@InProceedings{Verma2017,
author = {Verma, Kevin and Szewc, K. and Wille, Robert},
year = {2017},
month = {09},
pages = {1-7},
title = {Advanced load balancing for SPH simulations on multi-GPU architectures},
doi = {10.1109/HPEC.2017.8091093}
}

@article{Dominguez2013,
  title={New multi-GPU implementation for smoothed particle hydrodynamics on heterogeneous clusters},
  author={Jos{\'e} Maria Landim Dominguez and Alejandro J. C. Crespo and Daniel Valdez-Balderas and Benedict D. Rogers and Moncho G{\'o}mez-Gesteira},
  journal={Comput. Phys. Commun.},
  year={2013},
  volume={184},
  pages={1848-1860}
}
% from urlbst package
% Example from Jason Eisner, by mail (nothing special about the entry,
% but he seemed to be having formatting problems with unsrturl and proceedings
% entries.
% http://cs.jhu.edu/~jason/papers/#icassp07
@InProceedings{test:eisner-sample,
  author =       {Damianos Karakos and Sanjeev Khudanpur and Jason
                  Eisner and Carey~E. Priebe},
  title =        {Iterative denoising using {J}ensen-{R}enyi
                  divergences with an application to unsupervised
                  document categorization},
  booktitle =    {Proceedings of ICASSP},
  year =         2007,
  url =          {http://cs.jhu.edu/~jason/papers/\#icassp07}
}

@InProceedings{test:eisner-sample-shorted,
  author =       {Damianos Karakos and Sanjeev Khudanpur and Jason
                  Eisner and Carey~E. Priebe},
  title =        {Iterative denoising using {J}ensen-{R}enyi
                  divergences with an application to unsupervised
                  document categorization},
  booktitle =    {Proceedings of ICASSP},
  shortbooktitle = {Proc. of ICASSP},
  year =         2007,
  url =          {http://cs.jhu.edu/~jason/papers/\#icassp07}
}

% Попытка записать патент имеющимися средствами
@Book{iofis_patent1960,
  title                    = {Способ пайки керамики с~керамикой и~стекла с~металлом : а.\,с.~126728 СССР},
  author                   = {Иофис, Н. А.},
  year                     = {1960},
  numpages                 = {Бюл. № 5.~1},
  language                 = {russian}
}

% Попытка записать патент имеющимися средствами
@Book{AB_patent_Pomerantz_1968,
  title                    = {Anodic bonding : patent no. 3397278 US},
  author                   = {Pomerantz, D. I.},
  year                     = {1968},
  language                 = {english}
}

% !!! этот пример НЕ работает с bibtex
% Примеры оформления патентов из пакета https://www.ctan.org/pkg/biblatex-gost
@Patent{patent2h,
  heading =      {Заявка 1095735 Рос. федерация, МПК\ensuremath{^7} B 64 G 1/00},
  author =       {Тернер, Э. В.},
  authortype =   {США},
  title =        {Одноразовая ракета-носитель},
  media =        {text},
  holder =       {{заявитель Спейс Системз/Лорал, инк.}},
  credits =      {патент. поверенный Егорова Г. Б.},
  reqnumber =    {2000108705/28},
  date =         {2000-04-07},
  publdate =     {2001-03-10},
  publication =  {Бюл. № 7 (I ч.)\midsentence},
  prdate =       {1999-04-09},
  prnumber =     {09/289, 037},
  prcountry =    {countryus},
  pagetotal =    {5 с.~: ил.},
  language =     {russian},
}

@Patent{patent3h,
  heading =      {А. с. 1007970 СССР, МКИ\ensuremath{^3} В 25.1 15/00},
  author =       {В. С. Ваулин and В. Г. Кемайкин},
  authortype =   {СССР},
  title =        {Устройство для захвата неориентированных деталей типа валов},
  media =        {text},
  reqnumber =    {3360585/25-08},
  date =         {1981-11-23},
  publication =  {Бюл. № 12},
  publdate =     {1983-03-30},
  pagetotal =    {2 с.~: ил.},
  language =     {russian},
}

@Patent{patent2,
  author =       {Тернер, Э. В.},
  authortype =   {США},
  title =        {Одноразовая ракета-носитель},
  media =        {text},
  type =         {patreq},
  number =       1095735,
  location =     {countryru},
  ipc =          {МПК\ensuremath{^7} B 64 G 1/00},
  holder =       {{заявитель Спейс Системз/Лорал, инк.}},
  credits =      {патент. поверенный Егорова Г. Б.},
  reqnumber =    {2000108705/28},
  date =         {2000-04-07},
  publdate =     {2001-03-10},
  publication =  {Бюл. № 7 (I ч.)\midsentence},
  prioritydate = {1999-04-09},
  prioritynumber ={09/289, 037},
  prioritycountry ={countryus},
  pagetotal =    {5 с.~: ил.},
  language =     {russian},
}
